@BOOK{DRAGON_BOOK,
    author    = "Alfred V. Aho; Monica S. Lam; Ravi Sethi; Jeffrey D. Ullman",
    title     = "Compilers. Principles, Techiniques \& Tools",
    publisher = "Addison Wesley",
    year      = "2006",
    edition   = "second"
}
@ONLINE {JFLEX,
    author = "JFlex Team",
    title  = "JFlex - The Fast Scanner Generator for Java",
    month  = "mar",
    year   = "2015",
    url    = "http://jflex.de/"
}
@MANUAL {JFLEX_MANUAL,
    title  = "JFlex User's Manual",
    author = "Gerwin Klein; Steve Rowe; Régis Décamps",
    month  = "apr",
    year   = "2015"
}
@BOOK {LANGUAGE_C,
    author    = "Brian Kernighan \& Dennis Richie",
    title     = "The C Programming Language",
    publisher = "Prentice Hall",
    year      = "1988",
    edition   = "second",
    month     = "mar"
}
@ONLINE {CUP,
    author = "Scott Hudson",
    title  = "CUP Parser Generator for Java",
    url    = "http://www.cs.princeton.edu/~appel/modern/java/CUP/"
}
@MANUAL {CUP_MANUAL,
    title  = "CUP User's Manual",
    author = "Scott E. Hudson",
    month  = "jul",
    year   = "1999"
}